@article{Prostatex_Annotations,
	title = {Quality control and whole-gland,  zonal and lesion annotations for the PROSTATEx challenge public dataset},
	volume = {138},
	ISSN = {0720-048X},
	url = {http://dx.doi.org/10.1016/j.ejrad.2021.109647},
	DOI = {10.1016/j.ejrad.2021.109647},
	journal = {European Journal of Radiology},
	publisher = {Elsevier BV},
	author = {Cuocolo,  Renato and Stanzione,  Arnaldo and Castaldo,  Anna and De Lucia,  Davide Raffaele and Imbriaco,  Massimo},
	year = {2021},
	month = may,
	pages = {109647}
}

@article{Prostatex,
	title = {PROSTATEx Challenges for computerized classification of prostate lesions from multiparametric magnetic resonance images},
	volume = {5},
	ISSN = {2329-4302},
	url = {http://dx.doi.org/10.1117/1.JMI.5.4.044501},
	DOI = {10.1117/1.jmi.5.4.044501},
	number = {04},
	journal = {Journal of Medical Imaging},
	publisher = {SPIE-Intl Soc Optical Eng},
	author = {Armato,  Samuel G. and Huisman,  Henkjan and Drukker,  Karen and Hadjiiski,  Lubomir and Kirby,  Justin S. and Petrick,  Nicholas and Redmond,  George and Giger,  Maryellen L. and Cha,  Kenny and Mamonov,  Artem and Kalpathy-Cramer,  Jayashree and Farahani,  Keyvan},
	year = {2018},
	month = nov,
	pages = {1}
}

@article{Engels2020,
	title = {Multiparametric Magnetic Resonance Imaging for the Detection of Clinically Significant Prostate Cancer: What Urologists Need to Know. Part 1: Acquisition},
	volume = {77},
	ISSN = {0302-2838},
	url = {http://dx.doi.org/10.1016/j.eururo.2019.09.021},
	DOI = {10.1016/j.eururo.2019.09.021},
	number = {4},
	journal = {European Urology},
	publisher = {Elsevier BV},
	author = {Engels,  Rianne R.M. and Israël,  Bas and Padhani,  Anwar R. and Barentsz,  Jelle O.},
	year = {2020},
	month = apr,
	pages = {457–468}
}

@inproceedings{
	saha2023artificial_short,
	title={Artificial Intelligence and Radiologists at Prostate Cancer Detection in {MRI} {\textemdash} The {PI}-{CAI} Challenge},
	author={Anindo Saha and Joeran Bosma and Jasper Twilt and Bram van Ginneken and Derya Yakar and Mattijs Elschot and Jeroen Veltman and Jurgen F{\"u}tterer and Maarten de Rooij and henkjan huisman},
	booktitle={Medical Imaging with Deep Learning, short paper track},
	year={2023},
	url={https://openreview.net/forum?id=XfXcA9-0XxR}
}
@misc{Picai_dataset,
	doi = {10.5281/ZENODO.6517398},
	url = {https://zenodo.org/record/6517398},
	author = {Saha,  Anindo and Twilt,  Jasper Jonathan and Bosma,  Joeran Sander and van Ginneken,  Bram and Yakar,  Derya and Elschot,  Mattijs and Veltman,  Jeroen and F\"{u}tterer,  Jurgen and de Rooij,  Maarten and Huisman,  Henkjan},
	keywords = {prostate cancer,  artificial intelligence,  magnetic resonance imaging,  radiologists,  computer-aided detection and diagnosis},
	language = {en},
	title = {The PI-CAI Challenge: Public Training and Development Dataset},
	publisher = {Zenodo},
	year = {2022},
	copyright = {Creative Commons Attribution Non Commercial 4.0 International}
}

@misc{PICAI_challenge,
	doi = {10.5281/ZENODO.6522364},
	url = {https://zenodo.org/record/6522364},
	author = {Saha,  Anindo and Twilt,  Jasper Jonathan and Bosma,  Joeran Sander and van Ginneken,  Bram and Yakar,  Derya and Elschot,  Mattijs and Veltman,  Jeroen and F\"{u}tterer,  Jurgen and de Rooij,  Maarten and Huisman,  Henkjan},
	keywords = {prostate cancer,  artificial intelligence,  magnetic resonance imaging,  radiologists,  computer-aided detection and diagnosis},
	language = {en},
	title = {Artificial Intelligence and Radiologists at Prostate Cancer Detection in MRI: The PI-CAI Challenge (Study Protocol)},
	publisher = {Zenodo},
	year = {2022},
	copyright = {Creative Commons Attribution Non Commercial 4.0 International}
}




@article{ITKSNAP,
  doi = {10.1016/j.neuroimage.2006.01.015},
  url = {https://doi.org/10.1016/j.neuroimage.2006.01.015},
  year = {2006},
  month = jul,
  publisher = {Elsevier {BV}},
  volume = {31},
  number = {3},
  pages = {1116--1128},
  author = {Paul A. Yushkevich and Joseph Piven and Heather Cody Hazlett and Rachel Gimpel Smith and Sean Ho and James C. Gee and Guido Gerig},
  title = {User-guided 3D active contour segmentation of anatomical structures: Significantly improved efficiency and reliability},
  journal = {{NeuroImage}}
}

@ARTICLE{PICAI_BIAS,
    author    = {Anindo Saha, Jasper J. Twilt, Joeran S. Bosma, Bram van Ginneken, Derya Yakar, Mattijs Elschot, Jeroen Veltman, Jurgen Fütterer, Maarten de Rooij, Henkjan Huisman},
    title     = {{Artificial Intelligence and Radiologists at Prostate Cancer Detection in MRI: The PI-CAI Challenge}}, 
    year      = {2022},
    doi       = {10.5281/zenodo.6522364}
}
@article{Le2017,
  doi = {10.1088/1361-6560/aa7731},
  url = {https://doi.org/10.1088/1361-6560/aa7731},
  year = {2017},
  month = jul,
  publisher = {{IOP} Publishing},
  volume = {62},
  number = {16},
  pages = {6497--6514},
  author = {Minh Hung Le and Jingyu Chen and Liang Wang and Zhiwei Wang and Wenyu Liu and Kwang-Ting (Tim) Cheng and Xin Yang},
  title = {Automated diagnosis of prostate cancer in multi-parametric {MRI} based on multimodal convolutional neural networks},
  journal = {Physics in Medicine {\&}amp$\mathsemicolon$ Biology}
}

@INPROCEEDINGS{RCNNfamily,
  author={Hmidani, O. and Ismaili Alaoui, E. M.},
  booktitle={2022 5th International Conference on Advanced Communication Technologies and Networking (CommNet)}, 
  title={A comprehensive survey of the R-CNN family for object detection}, 
  year={2022},
  volume={},
  number={},
  pages={1-6},
  doi={10.1109/CommNet56067.2022.9993862}}

@book{walmsley2015psychological,
  title={The psychological well-being of men diagnosed with prostate cancer},
  author={Walmsley, Lee Anne},
  year={2015},
  publisher={University of Kentucky}
}

@article{Groarke2020,
  doi = {10.1371/journal.pone.0239469},
  url = {https://doi.org/10.1371/journal.pone.0239469},
  year = {2020},
  month = sep,
  publisher = {Public Library of Science ({PLoS})},
  volume = {15},
  number = {9},
  pages = {e0239469},
  author = {AnnMarie Groarke and Ruth Curtis and Jean Skelton and Jenny M. Groarke},
  editor = {Ali Montazeri},
  title = {Quality of life and adjustment in men with prostate cancer: Interplay of stress,  threat and resilience},
  journal = {{PLOS} {ONE}}
}


@article{Tan2015,
  doi = {10.2214/ajr.14.13373},
  url = {https://doi.org/10.2214/ajr.14.13373},
  year = {2015},
  month = apr,
  publisher = {American Roentgen Ray Society},
  volume = {204},
  number = {4},
  pages = {W439--W448},
  author = {Cher Heng Tan and Brian Paul Hobbs and Wei Wei and Vikas Kundra},
  title = {Dynamic Contrast-Enhanced {MRI} for the Detection of Prostate Cancer: Meta-Analysis},
  journal = {American Journal of Roentgenology}
}

@article{RaisBahrami2013,
  doi = {10.1016/j.juro.2013.05.052},
  url = {https://doi.org/10.1016/j.juro.2013.05.052},
  year = {2013},
  month = nov,
  publisher = {Ovid Technologies (Wolters Kluwer Health)},
  volume = {190},
  number = {5},
  pages = {1721--1727},
  author = {Soroush Rais-Bahrami and M. Minhaj Siddiqui and Baris Turkbey and Lambros Stamatakis and Jennifer Logan and Anthony N. Hoang and Annerleim Walton-Diaz and Srinivas Vourganti and Hong Truong and Jochen Kruecker and Maria J. Merino and Bradford J. Wood and Peter L. Choyke and Peter A. Pinto},
  title = {Utility of Multiparametric Magnetic Resonance Imaging Suspicion Levels for Detecting Prostate Cancer},
  journal = {Journal of Urology}
}

@article{Salman2022,
  doi = {10.1016/j.eswa.2022.117148},
  url = {https://doi.org/10.1016/j.eswa.2022.117148},
  year = {2022},
  month = sep,
  publisher = {Elsevier {BV}},
  volume = {201},
  pages = {117148},
  author = {Mehmet Emin Salman and G\"{o}zde {\c{C}}akirsoy {\c{C}}akar and Jahongir Azimjonov and Mustafa K\"{o}sem and {\.{I}}smail Hakk{\i} Cedi mo{\u{g}}lu},
  title = {Automated prostate cancer grading and diagnosis system using deep learning-based Yolo object detection algorithm},
  journal = {Expert Systems with Applications}
}

@incollection{Liu2019,
  doi = {10.1007/978-3-030-32486-5_6},
  url = {https://doi.org/10.1007/978-3-030-32486-5_6},
  year = {2019},
  publisher = {Springer International Publishing},
  pages = {43--51},
  author = {Zhiyu Liu and Wenhao Jiang and Kit-Hang Lee and Yat-Long Lo and Yui-Lun Ng and Qi Dou and Varut Vardhanabhuti and Ka-Wai Kwok},
  title = {A Two-Stage Approach for Automated Prostate Lesion Detection and Classification with Mask R-{CNN} and Weakly Supervised Deep Neural Network},
  booktitle = {Artificial Intelligence in Radiation Therapy}
}

@article{Dai2021,
  doi = {10.1016/j.ijrobp.2021.07.123},
  url = {https://doi.org/10.1016/j.ijrobp.2021.07.123},
  year = {2021},
  month = nov,
  publisher = {Elsevier {BV}},
  volume = {111},
  number = {3},
  pages = {S45},
  author = {Z. Dai and I. Jambor and P. Taimen and M. Pantelic and M.A. Elshaikh and A. Dabaja and C. Rogers and O. Ettala and P. Bostr\"{o}m and H. Aronen and H. Merisaari and N. Wen},
  title = {Accurate Prostate Cancer Detection and Segmentation Using Non-Local Mask R-{CNN} With Histopathological Ground Truth},
  journal = {International Journal of Radiation Oncology{\ast}Biology{\ast}Physics}
}

@article{Soni2022,
  doi = {10.1155/2022/5497120},
  url = {https://doi.org/10.1155/2022/5497120},
  year = {2022},
  month = may,
  publisher = {Hindawi Limited},
  volume = {2022},
  pages = {1--11},
  author = {Mukesh Soni and Ihtiram Raza Khan and K. Suresh Babu and Syed Nasrullah and Abhishek Madduri and Saima Ahmed Rahin},
  editor = {Vijay Kumar},
  title = {Light Weighted Healthcare {CNN} Model to Detect Prostate Cancer on Multiparametric {MRI}},
  journal = {Computational Intelligence and Neuroscience}
}

@article{lahoti2018role,
  title={Role and application of diffusion-weighted imaging in evaluation of prostate cancer},
  author={Lahoti, Amol Madanlal and Lakhotiya, Ankita Ramprasad and Ingole, Sarang Manohar and Dhok, Avinash Parshuram and Mudaliar, Prashant N},
  journal={Indian Journal of Medical and Paediatric Oncology},
  volume={39},
  number={03},
  pages={349--354},
  year={2018},
  publisher={Thieme Medical and Scientific Publishers Pvt. Ltd.}
}

@article{Syer2017,
  doi = {10.1007/s00261-017-1400-4},
  url = {https://doi.org/10.1007/s00261-017-1400-4},
  year = {2017},
  month = nov,
  publisher = {Springer Science and Business Media {LLC}},
  volume = {43},
  number = {7},
  pages = {1787--1797},
  author = {Tom J. Syer and Keith C. Godley and Donnie Cameron and Paul N. Malcolm},
  title = {The diagnostic accuracy of high b-value diffusion- and T2-weighted imaging for the detection of prostate cancer: a meta-analysis},
  journal = {Abdominal Radiology}
}

@article{Koh2007,
  doi = {10.2214/ajr.06.1403},
  url = {https://doi.org/10.2214/ajr.06.1403},
  year = {2007},
  month = jun,
  publisher = {American Roentgen Ray Society},
  volume = {188},
  number = {6},
  pages = {1622--1635},
  author = {Dow-Mu Koh and David J. Collins},
  title = {Diffusion-Weighted {MRI} in the Body: Applications and Challenges in Oncology},
  journal = {American Journal of Roentgenology}
}

@article{Caglic2018,
  doi = {10.21037/tau.2018.08.04},
  url = {https://doi.org/10.21037/tau.2018.08.04},
  year = {2018},
  month = oct,
  publisher = {{AME} Publishing Company},
  volume = {7},
  number = {5},
  pages = {814--823},
  author = {Iztok Caglic and Tristan Barrett},
  title = {Diffusion-weighted imaging ({DWI}) in lymph node staging for prostate cancer},
  journal = {Translational Andrology and Urology}
}
@article{Mehralivandcas2022,
  doi = {10.1016/j.acra.2021.08.019},
  url = {https://doi.org/10.1016/j.acra.2021.08.019},
  year = {2022},
  month = aug,
  publisher = {Elsevier {BV}},
  volume = {29},
  number = {8},
  pages = {1159--1168},
  author = {Sherif Mehralivand and Dong Yang and Stephanie A. Harmon et al.},
  title = {A Cascaded Deep Learning{\textendash}Based Artificial Intelligence Algorithm for Automated Lesion Detection and Classification on Biparametric Prostate Magnetic Resonance Imaging},
  journal = {Academic Radiology}
}

@article{Jensen2019,
  doi = {10.1002/acm2.12542},
  url = {https://doi.org/10.1002/acm2.12542},
  year = {2019},
  month = feb,
  publisher = {Wiley},
  volume = {20},
  number = {2},
  pages = {146--153},
  author = {Carina Jensen and Jesper Carl and Lars Boesen and Niels Christian Langkilde and Lasse Riis {\O}stergaard},
  title = {Assessment of prostate cancer prognostic Gleason grade group using zonal-specific features extracted from biparametric {MRI} using a {KNN} classifier},
  journal = {Journal of Applied Clinical Medical Physics}
}

@article{Chen2019,
  doi = {10.1177/1533033819858363},
  url = {https://doi.org/10.1177/1533033819858363},
  year = {2019},
  month = jan,
  publisher = {{SAGE} Publications},
  volume = {18},
  pages = {153303381985836},
  author = {Quan Chen and Shiliang Hu and Peiran Long and Fang Lu and Yujie Shi and Yunpeng Li},
  title = {A Transfer Learning Approach for Malignant Prostate Lesion Detection on Multiparametric {MRI}},
  journal = {Technology in Cancer Research {\&}amp$\mathsemicolon$ Treatment}
}

@article{Patsanis2023,
  doi = {10.1016/j.imu.2023.101234},
  url = {https://doi.org/10.1016/j.imu.2023.101234},
  year = {2023},
  publisher = {Elsevier {BV}},
  volume = {39},
  pages = {101234},
  author = {Alexandros Patsanis and Mohammed R.S. Sunoqrot and Sverre Lang{\o}rgen and Hao Wang and Kirsten M. Seln{\ae}s and Helena Bertilsson and Tone F. Bathen and Mattijs Elschot},
  title = {A comparison of Generative Adversarial Networks for automated prostate cancer detection on T2-weighted {MRI}},
  journal = {Informatics in Medicine Unlocked}
}

@article{Anand2023,
  doi = {10.1155/2023/3913351},
  url = {https://doi.org/10.1155/2023/3913351},
  year = {2023},
  month = jan,
  publisher = {Hindawi Limited},
  volume = {2023},
  pages = {1--7},
  author = {L. Anand and Shivlal Mewada and WameedDeyah Shamsi and Mahyudin Ritonga and Noza Aflisia and Prakash KumarSarangi and Moses NdoleArthur},
  editor = {Gaganpreet Kaur},
  title = {Diagnosis of Prostate Cancer Using {GLCM} Enabled {KNN} Technique by Analyzing {MRI} Images},
  journal = {{BioMed} Research International}
}

@article{Saha2021,
  doi = {10.1016/j.media.2021.102155},
  url = {https://doi.org/10.1016/j.media.2021.102155},
  year = {2021},
  month = oct,
  publisher = {Elsevier {BV}},
  volume = {73},
  pages = {102155},
  author = {Anindo Saha and Matin Hosseinzadeh and Henkjan Huisman},
  title = {End-to-end prostate cancer detection in {bpMRI} via 3D {CNNs}: Effects of attention mechanisms,  clinical priori and decoupled false positive reduction},
  journal = {Medical Image Analysis}
}

@article{Xu2019,
  doi = {10.1007/s11548-019-01967-5},
  url = {https://doi.org/10.1007/s11548-019-01967-5},
  year = {2019},
  month = apr,
  publisher = {Springer Science and Business Media {LLC}},
  volume = {14},
  number = {10},
  pages = {1647--1650},
  author = {Helen Xu and John S. H. Baxter and Oguz Akin and Diego Cantor-Rivera},
  title = {Prostate cancer detection using residual networks},
  journal = {International Journal of Computer Assisted Radiology and Surgery}
}

@article{Mehralivand2022,
  doi = {10.1007/s00261-022-03419-2},
  url = {https://doi.org/10.1007/s00261-022-03419-2},
  year = {2022},
  month = jan,
  publisher = {Springer Science and Business Media {LLC}},
  volume = {47},
  number = {4},
  pages = {1425--1434},
  author = {Sherif Mehralivand and Dong Yang and Stephanie A. Harmon and Daguang Xu and Ziyue Xu and Holger Roth and Samira Masoudi and Deepak Kesani and Nathan Lay and Maria J. Merino and Bradford J. Wood and Peter A. Pinto and Peter L. Choyke and Baris Turkbey},
  title = {Deep learning-based artificial intelligence for prostate cancer detection at biparametric {MRI}},
  journal = {Abdominal Radiology}
}

@article{Mehralivand2020,
  doi = {10.2214/ajr.19.22573},
  url = {https://doi.org/10.2214/ajr.19.22573},
  year = {2020},
  month = oct,
  publisher = {American Roentgen Ray Society},
  volume = {215},
  number = {4},
  pages = {903--912},
  author = {Sherif Mehralivand and Stephanie A. Harmon and Joanna H. Shih and Clayton P. Smith and Nathan Lay and Burak Argun and Sandra Bednarova and Ronaldo Hueb Baroni and Abdullah Erdem Canda and Karabekir Ercan and Rossano Girometti and Ercan Karaarslan and Ali Riza Kural and Andrei S. Purysko and Soroush Rais-Bahrami and Victor Martins Tonso and Cristina Magi-Galluzzi and Jennifer B. Gordetsky and Ricardo Silvestre e Silva Macarenco and Maria J. Merino and Berrak Gumuskaya and Yesim Saglican and Stefano Sioletic and Anne Y. Warren and Tristan Barrett and Leonardo Bittencourt and Mehmet Coskun and Chris Knauss and Yan Mee Law and Ashkan A. Malayeri and Daniel J. Margolis and Jamie Marko and Derya Yakar and Bradford J. Wood and Peter A. Pinto and Peter L. Choyke and Ronald M. Summers and Baris Turkbey},
  title = {Multicenter Multireader Evaluation of an Artificial Intelligence{\textendash}Based Attention Mapping System for the Detection of Prostate Cancer With Multiparametric {MRI}},
  journal = {American Journal of Roentgenology}
}
@article{Abbasi2020,
  doi = {10.1007/s11571-020-09587-5},
  url = {https://doi.org/10.1007/s11571-020-09587-5},
  year = {2020},
  month = apr,
  publisher = {Springer Science and Business Media {LLC}},
  volume = {14},
  number = {4},
  pages = {523--533},
  author = {Adeel Ahmed Abbasi and Lal Hussain and Imtiaz Ahmed Awan and Imran Abbasi and Abdul Majid and Malik Sajjad Ahmed Nadeem and Quratul-Ain Chaudhary},
  title = {Detecting prostate cancer using deep learning convolution neural network with transfer learning approach},
  journal = {Cognitive Neurodynamics}
}

@article{Xu2019,
  doi = {10.1007/s11548-019-01967-5},
  url = {https://doi.org/10.1007/s11548-019-01967-5},
  year = {2019},
  month = apr,
  publisher = {Springer Science and Business Media {LLC}},
  volume = {14},
  number = {10},
  pages = {1647--1650},
  author = {Helen Xu and John S. H. Baxter and Oguz Akin and Diego Cantor-Rivera},
  title = {Prostate cancer detection using residual networks},
  journal = {International Journal of Computer Assisted Radiology and Surgery}
}

@article{Cao2019,
  doi = {10.1109/tmi.2019.2901928},
  url = {https://doi.org/10.1109/tmi.2019.2901928},
  year = {2019},
  month = nov,
  publisher = {Institute of Electrical and Electronics Engineers ({IEEE})},
  volume = {38},
  number = {11},
  pages = {2496--2506},
  author = {Ruiming Cao and Amirhossein Mohammadian Bajgiran and Sohrab Afshari Mirak and Sepideh Shakeri and Xinran Zhong and Dieter Enzmann and Steven Raman and Kyunghyun Sung},
  title = {Joint Prostate Cancer Detection and Gleason Score Prediction in mp-{MRI} via {FocalNet}},
  journal = {{IEEE} Transactions on Medical Imaging}
}

@article{Sumathipala2018,
  doi = {10.1117/1.jmi.5.4.044507},
  url = {https://doi.org/10.1117/1.jmi.5.4.044507},
  year = {2018},
  month = dec,
  publisher = {{SPIE}-Intl Soc Optical Eng},
  volume = {5},
  number = {04},
  pages = {1},
  author = {Yohan Sumathipala and Nathan Lay and Baris Turkbey},
  title = {Prostate cancer detection from multi-institution multiparametric {MRIs} using deep convolutional neural networks},
  journal = {Journal of Medical Imaging}
}

@article{Ishioka2018,
  doi = {10.1111/bju.14397},
  url = {https://doi.org/10.1111/bju.14397},
  year = {2018},
  month = jun,
  publisher = {Wiley},
  volume = {122},
  number = {3},
  pages = {411--417},
  author = {Junichiro Ishioka and Yoh Matsuoka and Sho Uehara and Yosuke Yasuda and Toshiki Kijima and Soichiro Yoshida and Minato Yokoyama and Kazutaka Saito and Kazunori Kihara and Noboru Numao and Tomo Kimura and Kosei Kudo and Itsuo Kumazawa and Yasuhisa Fujii},
  title = {Computer-aided diagnosis of prostate cancer on magnetic resonance imaging using a convolutional neural network algorithm},
  journal = {{BJU} International}
}

@article{Behzadi2018,
  doi = {10.1148/radiol.2017162740},
  url = {https://doi.org/10.1148/radiol.2017162740},
  year = {2018},
  month = feb,
  publisher = {Radiological Society of North America ({RSNA})},
  volume = {286},
  number = {2},
  pages = {471--482},
  author = {Ashkan Heshmatzadeh Behzadi and Yize Zhao and Zerwa Farooq and Martin R. Prince},
  title = {Immediate Allergic Reactions to Gadolinium-based Contrast Agents: A Systematic Review and Meta-Analysis},
  journal = {Radiology}
}
@article{GraciaBara2022,
  doi = {10.3389/falgy.2022.813927},
  url = {https://doi.org/10.3389/falgy.2022.813927},
  year = {2022},
  month = mar,
  publisher = {Frontiers Media {SA}},
  volume = {3},
  author = {M. Teresa Gracia Bara and Alicia Gallardo-Higueras and Esther M. Moreno and Elena Laffond and Francisco J. Mu{\~{n}}oz Bellido and Cristina Martin and Miriam Sobrino and Eva Macias and Sonia Arriba-M{\'{e}}ndez and Rosita Castillo and Ignacio Davila},
  title = {Hypersensitivity to Gadolinium-Based Contrast Media},
  journal = {Frontiers in Allergy}
}

@article{Uosef2020,
  doi = {10.15557/pimr.2020.0008},
  url = {https://doi.org/10.15557/pimr.2020.0008},
  year = {2020},
  month = may,
  publisher = {Medical Communications Sp. z.o.o.},
  volume = {16},
  number = {1},
  pages = {49--52},
  author = {Ahmed Uosef and   and Martha Villagran and Jacek Z. Kubiak and Jarek Wosik and Rafik M. Ghobrial and Malgorzata Kloc and   and   and   and   and   and   and   and   and   and   and   and},
  title = {Side effects of gadolinium {MRI} contrast agents},
  journal = {Pediatria i Medycyna Rodzinna}
}

@article{Schoots2021,
  doi = {10.2214/ajr.20.24268},
  url = {https://doi.org/10.2214/ajr.20.24268},
  year = {2021},
  month = jan,
  publisher = {American Roentgen Ray Society},
  volume = {216},
  number = {1},
  pages = {3--19},
  author = {Ivo G. Schoots and Jelle O. Barentsz and Leonardo K. Bittencourt and Masoom A. Haider and Katarzyna J. Macura and Daniel J. A. Margolis and Caroline M. Moore and Aytekin Oto and Valeria Panebianco and Mohummad M. Siddiqui and Clare Tempany and Baris Turkbey and Geert M. Villeirs and Jeffrey C. Weinreb and Anwar R. Padhani},
  title = {{PI}-{RADS} Committee Position on {MRI} Without Contrast Medium in Biopsy-Naive Men With Suspected Prostate Cancer: Narrative Review},
  journal = {American Journal of Roentgenology}
}

@article{Merriel2022,
  doi = {10.1186/s12916-021-02230-y},
  url = {https://doi.org/10.1186/s12916-021-02230-y},
  year = {2022},
  month = feb,
  publisher = {Springer Science and Business Media {LLC}},
  volume = {20},
  number = {1},
  author = {Samuel W. D. Merriel and Lucy Pocock and Emma Gilbert and Sam Creavin and Fiona M. Walter and Anne Spencer and Willie Hamilton},
  title = {Systematic review and meta-analysis of the diagnostic accuracy of prostate-specific antigen ({PSA}) for the detection of prostate cancer in symptomatic patients},
  journal = {{BMC} Medicine}
}

@article{Wang2018,
  doi = {10.1109/tmi.2017.2789181},
  url = {https://doi.org/10.1109/tmi.2017.2789181},
  year = {2018},
  month = may,
  publisher = {Institute of Electrical and Electronics Engineers ({IEEE})},
  volume = {37},
  number = {5},
  pages = {1127--1139},
  author = {Zhiwei Wang and Chaoyue Liu and Danpeng Cheng and Liang Wang and Xin Yang and Kwang-Ting Cheng},
  title = {Automated Detection of Clinically Significant Prostate Cancer in mp-{MRI} Images Based on an End-to-End Deep Neural Network},
  journal = {{IEEE} Transactions on Medical Imaging}
}

@article{Lay2017,
  doi = {10.1117/1.jmi.4.2.024506},
  url = {https://doi.org/10.1117/1.jmi.4.2.024506},
  year = {2017},
  month = jun,
  publisher = {{SPIE}-Intl Soc Optical Eng},
  volume = {4},
  number = {2},
  pages = {024506},
  author = {Nathan Lay and Yohannes Tsehay and Matthew D. Greer and Baris Turkbey and Jin Tae Kwak and Peter L. Choyke and Peter Pinto and Bradford J. Wood and Ronald M. Summers},
  title = {Detection of prostate cancer in multiparametric {MRI} using random forest with instance weighting},
  journal = {Journal of Medical Imaging}
}


@article{Qian2016,
  doi = {10.1016/j.compmedimag.2016.02.001},
  url = {https://doi.org/10.1016/j.compmedimag.2016.02.001},
  year = {2016},
  month = sep,
  publisher = {Elsevier {BV}},
  volume = {52},
  pages = {44--57},
  author = {Chunjun Qian and Li Wang and Yaozong Gao and Ambereen Yousuf and Xiaoping Yang and Aytekin Oto and Dinggang Shen},
  title = {In vivo {MRI} based prostate cancer localization with random forests and auto-context model},
  journal = {Computerized Medical Imaging and Graphics}
}

@article{Scott2021,
  doi = {10.4102/sajr.v25i1.2062},
  url = {https://doi.org/10.4102/sajr.v25i1.2062},
  year = {2021},
  month = jun,
  publisher = {{AOSIS}},
  volume = {25},
  number = {1},
  author = {Robin Scott and Shalendra K. Misser and Dania Cioni and Emanuele Neri},
  title = {{PI}-{RADS} v2.1: What has changed and how to report},
  journal = {South African Journal of Radiology}
}

@article{Khalvati2018,
  doi = {10.1186/s12880-018-0258-4},
  url = {https://doi.org/10.1186/s12880-018-0258-4},
  year = {2018},
  month = may,
  publisher = {Springer Science and Business Media {LLC}},
  volume = {18},
  number = {1},
  author = {Farzad Khalvati and Junjie Zhang and Audrey G. Chung and Mohammad Javad Shafiee and Alexander Wong and Masoom A. Haider},
  title = {{MPCaD}: a multi-scale radiomics-driven framework for automated prostate cancer localization and detection},
  journal = {{BMC} Medical Imaging}
}

@article{Wu2019,
  doi = {10.1002/jmri.26674},
  url = {https://doi.org/10.1002/jmri.26674},
  year = {2019},
  month = jan,
  publisher = {Wiley},
  volume = {50},
  number = {3},
  pages = {940--950},
  author = {Mark Wu and Satheesh Krishna and Rebecca E. Thornhill and Trevor A. Flood and Matthew D.F. McInnes and Nicola Schieda},
  title = {Transition zone prostate cancer: Logistic regression and machine-learning models of quantitative {ADC},  shape and texture features are highly accurate for diagnosis},
  journal = {Journal of Magnetic Resonance Imaging}
}

@article{Bratt2023,
  doi = {10.1136/bmjonc-2023-000039},
  url = {https://doi.org/10.1136/bmjonc-2023-000039},
  year = {2023},
  month = apr,
  publisher = {{BMJ}},
  volume = {2},
  number = {1},
  pages = {e000039},
  author = {Ola Bratt and Anssi Auvinen and Rebecka Arnsrud Godtman and Mikael Hellstr\"{o}m and Jonas Hugosson and Hans Lilja and Jonas Wallstr\"{o}m and Monique J Roobol},
  title = {Screening for prostate cancer: evidence,  ongoing trials,  policies and knowledge gaps},
  journal = {{BMJ} Oncology}
}

@article{Stabile2019,
  doi = {10.1038/s41585-019-0212-4},
  url = {https://doi.org/10.1038/s41585-019-0212-4},
  year = {2019},
  month = jul,
  publisher = {Springer Science and Business Media {LLC}},
  volume = {17},
  number = {1},
  pages = {41--61},
  author = {Armando Stabile and Francesco Giganti and Andrew B. Rosenkrantz and Samir S. Taneja and Geert Villeirs and Inderbir S. Gill and Clare Allen and Mark Emberton and Caroline M. Moore and Veeru Kasivisvanathan},
  title = {Multiparametric {MRI} for prostate cancer diagnosis: current status and future directions},
  journal = {Nature Reviews Urology}
}

@article{Rimmer2017,
  doi = {10.1136/bmj.j4683},
  url = {https://doi.org/10.1136/bmj.j4683},
  year = {2017},
  month = oct,
  publisher = {{BMJ}},
  pages = {j4683},
  author = {Abi Rimmer},
  title = {Radiologist shortage leaves patient care at risk,  warns royal college},
  journal = {{BMJ}}
}

@article{Kang2021,
  doi = {10.1016/j.euros.2021.03.004},
  url = {https://doi.org/10.1016/j.euros.2021.03.004},
  year = {2021},
  month = may,
  publisher = {Elsevier {BV}},
  volume = {27},
  pages = {53--60},
  author = {Hyunseon C. Kang and Nahyun Jo and Anas Saeed Bamashmos and Mona Ahmed and Jia Sun and John F. Ward and Haesun Choi},
  title = {Accuracy of Prostate Magnetic Resonance Imaging: Reader Experience Matters},
  journal = {European Urology Open Science}
}

@article{Salka2022,
  doi = {10.2214/ajr.22.27421},
  url = {https://doi.org/10.2214/ajr.22.27421},
  year = {2022},
  month = sep,
  publisher = {American Roentgen Ray Society},
  volume = {219},
  number = {3},
  pages = {453--460},
  author = {Bassel R. Salka and Prasad R. Shankar and Jonathan P. Troost and Shokoufeh Khalatbari and Matthew S. Davenport},
  title = {Effect of Prostate {MRI} Interpretation Experience on {PPV} Using {PI}-{RADS} Version 2: A 6-Year Assessment Among Eight Fellowship-Trained Radiologists},
  journal = {American Journal of Roentgenology}
}

@article{McGarry2018,
  doi = {10.1016/j.ijrobp.2018.04.044},
  url = {https://doi.org/10.1016/j.ijrobp.2018.04.044},
  year = {2018},
  month = aug,
  publisher = {Elsevier {BV}},
  volume = {101},
  number = {5},
  pages = {1179--1187},
  author = {Sean D. McGarry and Sarah L. Hurrell and Kenneth A. Iczkowski and William Hall and Amy L. Kaczmarowski and Anjishnu Banerjee and Tucker Keuter and Kenneth Jacobsohn and John D. Bukowy and Marja T. Nevalainen and Mark D. Hohenwalter and William A. See and Peter S. LaViolette},
  title = {Radio-pathomic Maps of Epithelium and Lumen Density Predict the Location of High-Grade Prostate Cancer},
  journal = {International Journal of Radiation Oncology{\ast}Biology{\ast}Physics}
}

@article{Algohary2018,
  doi = {10.1002/jmri.25983},
  url = {https://doi.org/10.1002/jmri.25983},
  year = {2018},
  month = feb,
  publisher = {Wiley},
  volume = {48},
  number = {3},
  pages = {818--828},
  author = {Ahmad Algohary and Satish Viswanath and Rakesh Shiradkar and Soumya Ghose and Shivani Pahwa and Daniel Moses and Ivan Jambor and Ronald Shnier and Maret B\"{o}hm and Anne-Maree Haynes and Phillip Brenner and Warick Delprado and James Thompson and Marley Pulbrock and Andrei S Purysko and Sadhna Verma and Lee Ponsky and Phillip Stricker and Anant Madabhushi},
  title = {Radiomic features on {MRI} enable risk categorization of prostate cancer patients on active surveillance: Preliminary findings},
  journal = {Journal of Magnetic Resonance Imaging}
}

@article{Gaur2018,
  doi = {10.18632/oncotarget.26100},
  url = {https://doi.org/10.18632/oncotarget.26100},
  year = {2018},
  month = sep,
  publisher = {Impact Journals,  {LLC}},
  volume = {9},
  number = {73},
  pages = {33804--33817},
  author = {Sonia Gaur and Nathan Lay and Stephanie A. Harmon et al.},
  title = {Can computer-aided diagnosis assist in the identification of prostate cancer on prostate {MRI}? a multi-center,  multi-reader investigation},
  journal = {Oncotarget}
}

@misc{CarionDetr,
  doi = {10.48550/ARXIV.2005.12872},
  url = {https://arxiv.org/abs/2005.12872},
  author = {Carion,  Nicolas and Massa,  Francisco and Synnaeve,  Gabriel and Usunier,  Nicolas and Kirillov,  Alexander and Zagoruyko,  Sergey},
  keywords = {Computer Vision and Pattern Recognition (cs.CV),  FOS: Computer and information sciences,  FOS: Computer and information sciences},
  title = {End-to-End Object Detection with Transformers},
  publisher = {arXiv},
  year = {2020},
  copyright = {Creative Commons Zero v1.0 Universal}
}

@misc{DuSpine,
  doi = {10.48550/ARXIV.1912.05027},
  url = {https://arxiv.org/abs/1912.05027},
  author = {Du,  Xianzhi and Lin,  Tsung-Yi and Jin,  Pengchong and Ghiasi,  Golnaz and Tan,  Mingxing and Cui,  Yin and Le,  Quoc V. and Song,  Xiaodan},
  keywords = {Computer Vision and Pattern Recognition (cs.CV),  Machine Learning (cs.LG),  Image and Video Processing (eess.IV),  FOS: Computer and information sciences,  FOS: Computer and information sciences,  FOS: Electrical engineering,  electronic engineering,  information engineering,  FOS: Electrical engineering,  electronic engineering,  information engineering},
  title = {SpineNet: Learning Scale-Permuted Backbone for Recognition and Localization},
  publisher = {arXiv},
  year = {2019},
  copyright = {arXiv.org perpetual,  non-exclusive license}
}

@misc{LinRetin,
  doi = {10.48550/ARXIV.1708.02002},
  url = {https://arxiv.org/abs/1708.02002},
  author = {Lin,  Tsung-Yi and Goyal,  Priya and Girshick,  Ross and He,  Kaiming and Dollár,  Piotr},
  keywords = {Computer Vision and Pattern Recognition (cs.CV),  FOS: Computer and information sciences,  FOS: Computer and information sciences},
  title = {Focal Loss for Dense Object Detection},
  publisher = {arXiv},
  year = {2017},
  copyright = {arXiv.org perpetual,  non-exclusive license}
}

@incollection{LiuSSD,
  doi = {10.1007/978-3-319-46448-0_2},
  url = {https://doi.org/10.1007/978-3-319-46448-0_2},
  year = {2016},
  publisher = {Springer International Publishing},
  pages = {21--37},
  author = {Wei Liu and Dragomir Anguelov and Dumitru Erhan and Christian Szegedy and Scott Reed and Cheng-Yang Fu and Alexander C. Berg},
  title = {{SSD}: Single Shot {MultiBox} Detector},
  booktitle = {Computer Vision {\textendash} {ECCV} 2016}
}

@misc{RedYolo,
  doi = {10.48550/ARXIV.1506.02640},
  url = {https://arxiv.org/abs/1506.02640},
  author = {Redmon,  Joseph and Divvala,  Santosh and Girshick,  Ross and Farhadi,  Ali},
  keywords = {Computer Vision and Pattern Recognition (cs.CV),  FOS: Computer and information sciences,  FOS: Computer and information sciences},
  title = {You Only Look Once: Unified,  Real-Time Object Detection},
  publisher = {arXiv},
  year = {2015},
  copyright = {arXiv.org perpetual,  non-exclusive license}
}

@misc{heMask,
  doi = {10.48550/ARXIV.1703.06870},
  url = {https://arxiv.org/abs/1703.06870},
  author = {He,  Kaiming and Gkioxari,  Georgia and Dollár,  Piotr and Girshick,  Ross},
  keywords = {Computer Vision and Pattern Recognition (cs.CV),  FOS: Computer and information sciences,  FOS: Computer and information sciences},
  title = {Mask R-CNN},
  publisher = {arXiv},
  year = {2017},
  copyright = {arXiv.org perpetual,  non-exclusive license}
}

@misc{RenFaster,
  doi = {10.48550/ARXIV.1506.01497},
  url = {https://arxiv.org/abs/1506.01497},
  author = {Ren,  Shaoqing and He,  Kaiming and Girshick,  Ross and Sun,  Jian},
  keywords = {Computer Vision and Pattern Recognition (cs.CV),  FOS: Computer and information sciences,  FOS: Computer and information sciences},
  title = {Faster R-CNN: Towards Real-Time Object Detection with Region Proposal Networks},
  publisher = {arXiv},
  year = {2015},
  copyright = {arXiv.org perpetual,  non-exclusive license}
}

@misc{GiFast,
  doi = {10.48550/ARXIV.1504.08083},
  url = {https://arxiv.org/abs/1504.08083},
  author = {Girshick,  Ross},
  keywords = {Computer Vision and Pattern Recognition (cs.CV),  FOS: Computer and information sciences,  FOS: Computer and information sciences},
  title = {Fast R-CNN},
  publisher = {arXiv},
  year = {2015},
  copyright = {arXiv.org perpetual,  non-exclusive license}
}

@inproceedings{Girshick2014,
  doi = {10.1109/cvpr.2014.81},
  url = {https://doi.org/10.1109/cvpr.2014.81},
  year = {2014},
  month = jun,
  publisher = {{IEEE}},
  author = {Ross Girshick and Jeff Donahue and Trevor Darrell and Jitendra Malik},
  title = {Rich Feature Hierarchies for Accurate Object Detection and Semantic Segmentation},
  booktitle = {2014 {IEEE} Conference on Computer Vision and Pattern Recognition}
}

@inproceedings{Dalal-Hog,
  doi = {10.1109/cvpr.2005.177},
  url = {https://doi.org/10.1109/cvpr.2005.177},
  publisher = {{IEEE}},
  author = {N. Dalal and B. Triggs},
  title = {Histograms of Oriented Gradients for Human Detection},
  booktitle = {2005 {IEEE} Computer Society Conference on Computer Vision and Pattern Recognition ({CVPR}{\textquotesingle}05)}
}

@article{Lowe2004,
  doi = {10.1023/b:visi.0000029664.99615.94},
  url = {https://doi.org/10.1023/b:visi.0000029664.99615.94},
  year = {2004},
  month = nov,
  publisher = {Springer Science and Business Media {LLC}},
  volume = {60},
  number = {2},
  pages = {91--110},
  author = {David G. Lowe},
  title = {Distinctive Image Features from Scale-Invariant Keypoints},
  journal = {International Journal of Computer Vision}
}

@INPROCEEDINGS{V.Jones,
  author={Viola, P. and Jones, M.},
  booktitle={Proceedings of the 2001 IEEE Computer Society Conference on Computer Vision and Pattern Recognition. CVPR 2001}, 
  title={Rapid object detection using a boosted cascade of simple features}, 
  year={2001},
  volume={1},
  number={},
  pages={I-I},
  doi={10.1109/CVPR.2001.990517}}

  
@article{Papageorgiou2000,
  doi = {10.1023/a:1008162616689},
  url = {https://doi.org/10.1023/a:1008162616689},
  year = {2000},
  publisher = {Springer Science and Business Media {LLC}},
  volume = {38},
  number = {1},
  pages = {15--33},
  author = {Constantine Papageorgiou and Tomaso Poggio},
  journal = {International Journal of Computer Vision}
}

@CONFERENCE{DeCroon200797,
	author = {De Croon, G.},
	title = {Active object detection},
	year = {2007},
	journal = {VISAPP 2007 - 2nd International Conference on Computer Vision Theory and Applications, Proceedings},
	volume = {IU},
	number = {MTSV/-},
	pages = {97 – 103},
	url = {https://www.scopus.com/inward/record.uri?eid=2-s2.0-67650218279&partnerID=40&md5=240481a8a96ec18459030294ee1133c2},
	type = {Conference paper},
	publication_stage = {Final},
	source = {Scopus}
}

@article{Deniffel2021,
  doi = {10.1148/radiol.2021204112},
  url = {https://doi.org/10.1148/radiol.2021204112},
  year = {2021},
  month = aug,
  publisher = {Radiological Society of North America ({RSNA})},
  volume = {300},
  number = {2},
  pages = {369--379},
  author = {Dominik Deniffel and Gerard M. Healy and Xin Dong and Sangeet Ghai and Emmanuel Salinas-Miranda and Neil Fleshner and Robert Hamilton and Girish Kulkarni and Ants Toi and Theodorus van der Kwast and Alexandre Zlotta and Antonio Finelli and Nathan Perlis and Masoom A. Haider},
  title = {Avoiding Unnecessary Biopsy: {MRI}-based Risk Models versus a {PI}-{RADS} and {PSA} Density Strategy for Clinically Significant Prostate Cancer},
  journal = {Radiology}
}

@article{CastilloT2021,
  doi = {10.3390/cancers14010012},
  url = {https://doi.org/10.3390/cancers14010012},
  year = {2021},
  month = dec,
  publisher = {{MDPI} {AG}},
  volume = {14},
  number = {1},
  pages = {12},
  author = {Jose M. Castillo T. and Muhammad Arif and Martijn P. A. Starmans and Wiro J. Niessen and Chris H. Bangma and Ivo G. Schoots and Jifke F. Veenland},
  title = {Classification of Clinically Significant Prostate Cancer on Multi-Parametric {MRI}: A Validation Study Comparing Deep Learning and Radiomics},
  journal = {Cancers}
}

@article{jacobs2008diffusion,
	title={Diffusion weighted imaging with ADC mapping and spectroscopy in prostate cancer},
	author={Jacobs, Michael A and Ouwerkerk, Ronald and Petrowski, Kyle and Macura, Katarzyna J},
	journal={Topics in magnetic resonance imaging: TMRI},
	volume={19},
	number={6},
	pages={261},
	year={2008},
	publisher={NIH Public Access}
}

@article{maurer2017diffusion,
	title={Diffusion weighted imaging of the prostate—principles, application, and advances},
	author={Maurer, Martin H and Heverhagen, Johannes T},
	journal={Translational andrology and urology},
	volume={6},
	number={3},
	pages={490},
	year={2017},
	publisher={AME Publications}
}

@article{thompson2013role,
	title={The role of magnetic resonance imaging in the diagnosis and management of prostate cancer},
	author={Thompson, James and Lawrentschuk, Nathan and Frydenberg, Mark and Thompson, Les and Stricker, Phillip and Usanz},
	journal={BJU international},
	volume={112},
	pages={6--20},
	year={2013},
	publisher={Wiley Online Library}
}


@article{murphy2013expanding,
	title={The expanding role of MRI in prostate cancer},
	author={Murphy, Gillian and Haider, Masoom and Ghai, Sangeet and Sreeharsha, Boraiah},
	journal={American Journal of Roentgenology},
	volume={201},
	number={6},
	pages={1229--1238},
	year={2013},
	publisher={Am Roentgen Ray Soc}
}

@article{Naji2018,
	doi = {10.1370/afm.2205},
	url = {https://doi.org/10.1370/afm.2205},
	year = {2018},
	month = mar,
	publisher = {Annals of Family Medicine},
	volume = {16},
	number = {2},
	pages = {149--154},
	author = {Leen Naji and Harkanwal Randhawa and Zahra Sohani and Brittany Dennis and Deanna Lautenbach and Owen Kavanagh and Monica Bawor and Laura Banfield and Jason Profetto},
	title = {Digital Rectal Examination for Prostate Cancer Screening in Primary Care: A Systematic Review and Meta-Analysis},
	journal = {The Annals of Family Medicine}
}

@article{Saar2020,
	doi = {10.1159/000508755},
	url = {https://doi.org/10.1159/000508755},
	year = {2020},
	publisher = {S. Karger {AG}},
	volume = {104},
	number = {9-10},
	pages = {731--740},
	author = {Matthias Saar and Johannes Linxweiler and Angelika Borkowetz and Sebastian Fussek and Katerina Urbanova and Laura Bellut and Glen Kristiansen and Bernd Wullich and},
	title = {Current Role of Multiparametric {MRI} and {MRI} Targeted Biopsies for Prostate Cancer Diagnosis in Germany: A Nationwide Survey},
	journal = {Urologia Internationalis}
}
@article{Manley2016ProstateMA,
	title={Prostate MRI: a national survey of Urologist’s attitudes and perceptions},
	author={Brandon J. Manley and John A. Brockman and Valary T Raup and Kathryn J Fowler and Gerald L. Andriole},
	journal={International Brazilian Journal of Urology : official journal of the Brazilian Society of Urology},
	year={2016},
	volume={42},
	pages={464 - 471}
}

@article{10.1001/jamaoncol.2020.7456,
	author = {Eldred-Evans, David and Burak, Paula and Connor, Martin J. and Day, Emily and Evans, Martin and Fiorentino, Francesca and Gammon, Martin and Hosking-Jervis, Feargus and Klimowska-Nassar, Natalia and McGuire, William and Padhani, Anwar R. and Prevost, A. Toby and Price, Derek and Sokhi, Heminder and Tam, Henry and Winkler, Mathias and Ahmed, Hashim U.},
	title = "{Population-Based Prostate Cancer Screening With Magnetic Resonance Imaging or Ultrasonography: The IP1-PROSTAGRAM Study}",
	journal = {JAMA Oncology},
	volume = {7},
	number = {3},
	pages = {395-402},
	year = {2021},
	month = {03},
	issn = {2374-2437},
	doi = {10.1001/jamaoncol.2020.7456},
	url = {https://doi.org/10.1001/jamaoncol.2020.7456},
	eprint = {https://jamanetwork.com/journals/jamaoncology/articlepdf/2776224/jamaoncology\_eldredevans\_2021\_oi\_200109\_1615397512.10777.pdf},
}




@Article{uro2020014,
	AUTHOR = {Abdelrazek, Ahmad and Mahmoud, Ahmed M. and Joshi, Vidhu B. and Habeeb, Mohamed and Ahmed, Mohamed E. and Ghoniem, Khaled and Delgado, Arleen and Khater, Nazih and Kwon, Eugene and Kendi, A. Tuba},
	TITLE = {Recent Advances in Prostate Cancer (PCa) Diagnostics},
	JOURNAL = {Uro},
	VOLUME = {2},
	YEAR = {2022},
	NUMBER = {2},
	PAGES = {109--121},
	URL = {https://www.mdpi.com/2673-4397/2/2/14},
	ISSN = {2673-4397},
	DOI = {10.3390/uro2020014}
}

@misc{asivamosensalud,
	title = {Mortalidad por Cáncer de Próstata},
	author = {{Así Vamos en Salud}},
	year = {2021},
	howpublished = {https://asivamosensalud.org/indicadores/enfermedades-cronicas-no-transmisibles/tasa-cancer-prostata-georeferenciado}}
}

@article{Jones2018,
	doi = {10.1177/2051415817720353},
	url = {https://doi.org/10.1177/2051415817720353},
	year = {2018},
	month = mar,
	publisher = {{SAGE} Publications},
	volume = {11},
	number = {2},
	pages = {149--153},
	author = {Richard Jones and Philip Cornford},
	title = {{EAU} and {NICE} guidelines for the diagnosis and management of prostate cancer. How wide is the channel?},
	journal = {Journal of Clinical Urology}
}

@article{david2022prostate,
	title={Prostate specific antigen},
	author={David, Michael and Leslie, Stephen},
	journal={StatPearls},
	year={2022}
}

@article{Daniyal2014,
	doi = {10.7314/apjcp.2014.15.22.9575},
	url = {https://doi.org/10.7314/apjcp.2014.15.22.9575},
	year = {2014},
	month = dec,
	publisher = {Asian Pacific Organization for Cancer Prevention},
	volume = {15},
	number = {22},
	pages = {9575--9578},
	author = {Muhammad Daniyal and Zamir Ali Siddiqui and Muhammad Akram and H.M. Asif and Sabira Sultana and Asmatullah Khan},
	title = {Epidemiology,  Etiology,  Diagnosis and Treatment of Prostate Cancer},
	journal = {Asian Pacific Journal of Cancer Prevention}
}

@article{Sung2021,
	doi = {10.3322/caac.21660},
	url = {https://doi.org/10.3322/caac.21660},
	year = {2021},
	month = feb,
	publisher = {Wiley},
	volume = {71},
	number = {3},
	pages = {209--249},
	author = {Hyuna Sung and Jacques Ferlay and Rebecca L. Siegel and Mathieu Laversanne and Isabelle Soerjomataram and Ahmedin Jemal and Freddie Bray},
	title = {Global Cancer Statistics 2020: {GLOBOCAN} Estimates of Incidence and Mortality Worldwide for 36 Cancers in 185 Countries},
	journal = {{CA}: A Cancer Journal for Clinicians}
}

@article{Ferlay2021,
	doi = {10.1002/ijc.33588},
	url = {https://doi.org/10.1002/ijc.33588},
	year = {2021},
	month = apr,
	publisher = {Wiley},
	volume = {149},
	number = {4},
	pages = {778--789},
	author = {Jacques Ferlay and Murielle Colombet and Isabelle Soerjomataram and Donald M. Parkin and Marion Pi{\~{n}}eros and Ariana Znaor and Freddie Bray},
	title = {Cancer statistics for the year 2020: An overview},
	journal = {International Journal of Cancer}
}

@article{Haffner2020,
	doi = {10.1038/s41585-020-00400-w},
	url = {https://doi.org/10.1038/s41585-020-00400-w},
	year = {2020},
	month = dec,
	publisher = {Springer Science and Business Media {LLC}},
	volume = {18},
	number = {2},
	pages = {79--92},
	author = {Michael C. Haffner and Wilbert Zwart and Martine P. Roudier and Lawrence D. True and William G. Nelson and Jonathan I. Epstein and Angelo M. De Marzo and Peter S. Nelson and Srinivasan Yegnasubramanian},
	title = {Genomic and phenotypic heterogeneity in prostate cancer},
	journal = {Nature Reviews Urology}
}

@article{Graham2008,
	doi = {10.1136/bmj.39498.525706.ad},
	url = {https://doi.org/10.1136/bmj.39498.525706.ad},
	year = {2008},
	month = mar,
	publisher = {{BMJ}},
	volume = {336},
	number = {7644},
	pages = {610--612},
	author = {John Graham and Mark Baker and Fergus Macbeth and Victoria Titshall},
	title = {Diagnosis and treatment of prostate cancer: summary of {NICE} guidance},
	journal = {{BMJ}}
}

@article {Hamilton617,
	author = {William Hamilton and Deborah Sharp},
	title = {Symptomatic diagnosis of prostate cancer in primary care: a structured review},
	volume = {54},
	number = {505},
	pages = {617--621},
	year = {2004},
	publisher = {Royal College of General Practitioners},
	issn = {0960-1643},
	URL = {https://bjgp.org/content/54/505/617},
	eprint = {https://bjgp.org/content/54/505/617.full.pdf},
	journal = {British Journal of General Practice}
}

@article{Bechis2011,
	doi = {10.1200/jco.2010.30.2075},
	url = {https://doi.org/10.1200/jco.2010.30.2075},
	year = {2011},
	month = jan,
	publisher = {American Society of Clinical Oncology ({ASCO})},
	volume = {29},
	number = {2},
	pages = {235--241},
	author = {Seth K. Bechis and Peter R. Carroll and Matthew R. Cooperberg},
	title = {Impact of Age at Diagnosis on Prostate Cancer Treatment and Survival},
	journal = {Journal of Clinical Oncology}
}

@inbook{1100067982,
	author={Serena Chao, MD, MSc and Ryan Chippendale, MD},
	editor={Williams, Brie A. and Chang, Anna and Ahalt, Cyrus and Chen, Helen and Conant, Rebecca and Landefeld, C. Seth and Ritchie, Christine and Yukawa, Michi},
	title={Benign Prostatic Hyperplasia &amp; Prostate Cancer},
	booktitle={Current Diagnosis &amp; Treatment: Geriatrics, 2e},
	publisher={McGraw-Hill Education},
	address={New York, NY},
	year={2014},
	url={accessmedicine.mhmedical.com/content.aspx?aid=1100067982}
}

@incollection{Albertsen2001,
	doi = {10.1007/978-1-4757-3432-4_57},
	url = {https://doi.org/10.1007/978-1-4757-3432-4_57},
	year = {2001},
	publisher = {Springer New York},
	pages = {806--816},
	author = {Peter C. Albertsen},
	title = {Benign and Malignant Diseases of the Prostate},
	booktitle = {Principles and Practice of Geriatric Surgery}
}


@article{Ftterer2015,
	doi = {10.1016/j.eururo.2015.01.013},
	url = {https://doi.org/10.1016/j.eururo.2015.01.013},
	year = {2015},
	month = dec,
	publisher = {Elsevier {BV}},
	volume = {68},
	number = {6},
	pages = {1045--1053},
	author = {Jurgen J. F\"{u}tterer and Alberto Briganti and Pieter De Visschere and Mark Emberton and Gianluca Giannarini and Alex Kirkham and Samir S. Taneja and Harriet Thoeny and Geert Villeirs and Arnauld Villers},
	title = {Can Clinically Significant Prostate Cancer Be Detected with Multiparametric Magnetic Resonance Imaging? A Systematic Review of the Literature},
	journal = {European Urology}
}

@article{Wang2021,
	doi = {10.1186/s12894-021-00949-7},
	url = {https://doi.org/10.1186/s12894-021-00949-7},
	year = {2021},
	month = dec,
	publisher = {Springer Science and Business Media {LLC}},
	volume = {21},
	number = {1},
	author = {Fei Wang and Tong Chen and Meng Wang and Hanbing Chen and Caishan Wang and Peiqing Liu and Songtao Liu and Jing Luo and Qi Ma and Lijun Xu},
	title = {Clinically significant prostate cancer ({csPCa}) detection with various prostate sampling schemes based on different {csPCa} definitions},
	journal = {{BMC} Urology}
}

@article{Smith2004,
	doi = {10.1001/archinte.164.11.1227},
	url = {https://doi.org/10.1001/archinte.164.11.1227},
	year = {2004},
	month = jun,
	publisher = {American Medical Association ({AMA})},
	volume = {164},
	number = {11},
	pages = {1227},
	author = {Ryan P. Smith and S. Bruce Malkowicz and Richard Whittington and Keith VanArsdalen and Zelig Tochner and Alan J. Wein},
	title = {Identification of Clinically Significant Prostate Cancer by Prostate-Specific Antigen Screening},
	journal = {Archives of Internal Medicine}
}

@article{Penzkofer2013,
	doi = {10.1002/nbm.3002},
	url = {https://doi.org/10.1002/nbm.3002},
	year = {2013},
	month = sep,
	publisher = {Wiley},
	volume = {27},
	number = {1},
	pages = {3--15},
	author = {Tobias Penzkofer and Clare M. Tempany-Afdhal},
	title = {Prostate cancer detection and diagnosis: the role of {MR} and its comparison with other diagnostic modalities - a radiologist{\textquotesingle}s perspective},
	journal = {{NMR} in Biomedicine}
}

@article{Abecassis2020,
	doi = {10.1016/j.canrad.2020.06.002},
	url = {https://doi.org/10.1016/j.canrad.2020.06.002},
	year = {2020},
	month = aug,
	publisher = {Elsevier {BV}},
	volume = {24},
	number = {5},
	pages = {423--428},
	author = {J.-P. Abecassis and N. Ghazzar and M. Peyromaure and P. Giraud},
	title = {Prostate imaging: Contribution of {PET} {PSMA} and {MRI}},
	journal = {Cancer/Radioth{\'{e}}rapie}
}

@article{Pecoraro2021,
	doi = {10.1111/andr.13041},
	url = {https://doi.org/10.1111/andr.13041},
	year = {2021},
	month = jun,
	publisher = {Wiley},
	volume = {9},
	number = {5},
	pages = {1429--1443},
	author = {Martina Pecoraro and Emanuele Messina and Marco Bicchetti and Giorgia Carnicelli and Maurizio Del Monte and Beniamino Iorio and Giuseppe La Torre and Carlo Catalano and Valeria Panebianco},
	title = {The future direction of imaging in prostate cancer: {MRI} with or without contrast injection},
	journal = {Andrology}
}

@article{Obmann2018,
	doi = {10.1016/j.urology.2018.08.032},
	url = {https://doi.org/10.1016/j.urology.2018.08.032},
	year = {2018},
	month = dec,
	publisher = {Elsevier {BV}},
	volume = {122},
	pages = {133--138},
	author = {Verena C. Obmann and Shivani Pahwa and William Tabayayong and Yun Jiang and Gregory O{\textquotesingle}Connor and Sara Dastmalchian and John Lu and Soham Shah and Karin A. Herrmann and Raj Paspulati and Gregory MacLennan and Lee Ponsky and Robert Abouassaly and Vikas Gulani},
	title = {Diagnostic Accuracy of a Rapid Biparametric {MRI} Protocol for Detection of Histologically Proven Prostate Cancer},
	journal = {Urology}
}

@article{Alver2022,
	doi = {10.1002/jmri.28142},
	url = {https://doi.org/10.1002/jmri.28142},
	year = {2022},
	month = mar,
	publisher = {Wiley},
	volume = {56},
	number = {5},
	pages = {1437--1447},
	author = {Kadir Han Alver and Ahmet Baki Yagci and Ayse Ruksan Utebey and Nilay Sen Turk and Furkan Ufuk},
	title = {Comparison of Multiparametric and Fast
		$\less$scp$\greater${MRI}$\less$/scp$\greater$
		Protocols in Detecting Clinically Significant Prostate Cancer and a Detailed Cost Analysis},
	journal = {Journal of Magnetic Resonance Imaging}
}

@article{Steinkohl2018,
	doi = {10.1007/s12254-018-0458-1},
	url = {https://doi.org/10.1007/s12254-018-0458-1},
	year = {2018},
	month = nov,
	publisher = {Springer Science and Business Media {LLC}},
	volume = {11},
	number = {4},
	pages = {309--312},
	author = {Fabian Steinkohl and Renate Pichler and Daniel Junker},
	title = {Short review of biparametric prostate {MRI}},
	journal = {memo - Magazine of European Medical Oncology}
}

@article{Hietikko2020,
	doi = {10.1186/s40644-020-00351-w},
	url = {https://doi.org/10.1186/s40644-020-00351-w},
	year = {2020},
	month = oct,
	publisher = {Springer Science and Business Media {LLC}},
	volume = {20},
	number = {1},
	author = {Ronja Hietikko and Tuomas P. Kilpel\"{a}inen and Anu Kentt\"{a}mies and Johanna Ronkainen and Kirsty Ij\"{a}s and Kati Lind and Suvi Marjasuo and Juha Oksala and Outi Oksanen and Tuomas Saarinen and Ritja Savolainen and Kimmo Taari and Teuvo L. J. Tammela and Tuomas Mirtti and Kari Natunen and Anssi Auvinen and Antti Rannikko},
	title = {Expected impact of {MRI}-related interreader variability on {ProScreen} prostate cancer screening trial: a pre-trial validation study},
	journal = {Cancer Imaging}
}

@article{Westphalen2020,
	doi = {10.1148/radiol.2020190646},
	url = {https://doi.org/10.1148/radiol.2020190646},
	year = {2020},
	month = jul,
	publisher = {Radiological Society of North America ({RSNA})},
	volume = {296},
	number = {1},
	pages = {76--84},
	author = {Antonio C. Westphalen and Charles E. McCulloch and Jordan M. Anaokar and Sandeep Arora and Nimrod S. Barashi and Jelle O. Barentsz and Tharakeswara K. Bathala and Leonardo K. Bittencourt and Michael T. Booker and Vaughn G. Braxton and Peter R. Carroll and David D. Casalino and Silvia D. Chang and Fergus V. Coakley and Ravjot Dhatt and Steven C. Eberhardt and Bryan R. Foster and Adam T. Froemming and Jurgen J. F\"{u}tterer and Dhakshina M. Ganeshan and Mark R. Gertner and Lori Mankowski Gettle and Sangeet Ghai and Rajan T. Gupta and Michael E. Hahn and Roozbeh Houshyar and Candice Kim and Chan Kyo Kim and Chandana Lall and Daniel J. A. Margolis and Stephen E. McRae and Aytekin Oto and Rosaleen B. Parsons and Nayana U. Patel and Peter A. Pinto and Thomas J. Polascik and Benjamin Spilseth and Juliana B. Starcevich and Varaha S. Tammisetti and Samir S. Taneja and Baris Turkbey and Sadhna Verma and John F. Ward and Christopher A. Warlick and Andrew R. Weinberger and Jinxing Yu and Ronald J. Zagoria and Andrew B. Rosenkrantz},
	title = {Variability of the Positive Predictive Value of {PI}-{RADS} for Prostate                    {MRI} across 26 Centers: Experience of the Society of Abdominal Radiology Prostate                    Cancer Disease-focused Panel},
	journal = {Radiology}
}

@article{Mata2021,
	doi = {10.1148/rg.2021210020},
	url = {https://doi.org/10.1148/rg.2021210020},
	year = {2021},
	month = oct,
	publisher = {Radiological Society of North America ({RSNA})},
	volume = {41},
	number = {6},
	pages = {1676--1697},
	author = {Lidia Alcal{\'{a}} Mata and Juan Antonio Retamero and Rajan T. Gupta and Roberto Garc{\'{\i}}a Figueras and Antonio Luna},
	title = {Artificial Intelligence{\textendash}assisted Prostate Cancer Diagnosis:                     Radiologic-Pathologic Correlation},
	journal = {{RadioGraphics}}
}

@article{Rouvire2023,
	doi = {10.1016/j.diii.2022.11.005},
	url = {https://doi.org/10.1016/j.diii.2022.11.005},
	year = {2023},
	month = may,
	publisher = {Elsevier {BV}},
	volume = {104},
	number = {5},
	pages = {221--234},
	author = {Olivier Rouvi{\`{e}}re and Tristan Jaouen and Pierre Baseilhac and Mohammed Lamine Benomar and Raphael Escande and S{\'{e}}bastien Crouzet and R{\'{e}}mi Souchon},
	title = {Artificial intelligence algorithms aimed at characterizing or detecting prostate cancer on {MRI}: How accurate are they when tested on independent cohorts? {\textendash} A systematic review},
	journal = {Diagnostic and Interventional Imaging}
}

@article{Shah2022,
	doi = {10.5152/tud.2022.22028},
	url = {https://doi.org/10.5152/tud.2022.22028},
	year = {2022},
	month = jul,
	publisher = {{AVES} Publishing Co.},
	volume = {48},
	number = {4},
	pages = {262--267},
	author = {Milap Shah and   and Nithesh Naik and BM Zeeshan Hameed and Rahul Paul and Dasharathraj K Shetty and Sufyan Ibrahim and Bhavan Prasad Rai and Piotr Chlosta and Patrick Rice and Bhaskar K Somani},
	title = {Current Applications of Artificial Intelligence in Benign Prostatic Hyperplasia},
	journal = {T\"{u}rk \"{U}roloji Dergisi/Turkish Journal of Urology}
}

@article{Morote2023,
	doi = {10.1002/bco2.230},
	url = {https://doi.org/10.1002/bco2.230},
	year = {2023},
	month = mar,
	publisher = {Wiley},
	author = {Juan Morote and {\'{A}}ngel Borque-Fernando and Marina Triquell and Jos{\'{e}} M. Abascal and Pol Servian and Jacques Planas and Olga Mendez and Luis M. Esteban and Enrique Tilla},
	title = {A risk-organised model for clinically significant prostate cancer early detection},
	journal = {{BJUI} Compass}
}

@article{Hamdy2023,
	doi = {10.1056/nejmoa2214122},
	url = {https://doi.org/10.1056/nejmoa2214122},
	year = {2023},
	month = apr,
	publisher = {Massachusetts Medical Society},
	volume = {388},
	number = {17},
	pages = {1547--1558},
	author = {Freddie C. Hamdy and Jenny L. Donovan and J. Athene Lane et al.},
	title = {Fifteen-Year Outcomes after Monitoring,  Surgery,  or Radiotherapy for Prostate Cancer},
	journal = {New England Journal of Medicine}
}



@article{2016NursingSTA,
	doi = {10.7748/ns.30.40.17.s20},
	url = {https://doi.org/10.7748/ns.30.40.17.s20},
	year = {2016},
	month = jun,
	publisher = {{RCN} Publishing Ltd.},
	volume = {30},
	number = {40},
	pages = {17--17},
	title = {Prostate cancer},
	journal = {Nursing Standard}
}


@article{rey2013male,
	title={Male hypogonadism: an extended classification based on a developmental, endocrine physiology-based approach},
	author={Rey, Rodolfo Alberto and Grinspon, RP and Gottlieb, S and Pasqualini, T and Knoblovits, P and Aszpis, S and Pacenza, N and Stewart Usher, J and Bergad{\'a}, Ignacio and Campo, Stella Maris},
	journal={Andrology},
	volume={1},
	number={1},
	pages={3--16},
	year={2013},
	publisher={Wiley Online Library}
}


@article{Rebello2021,
	doi = {10.1038/s41572-020-00243-0},
	url = {https://doi.org/10.1038/s41572-020-00243-0},
	year = {2021},
	month = feb,
	publisher = {Springer Science and Business Media {LLC}},
	volume = {7},
	number = {1},
	author = {Richard J. Rebello and Christoph Oing and Karen E. Knudsen and Stacy Loeb and David C. Johnson and Robert E. Reiter and Silke Gillessen and Theodorus Van der Kwast and Robert G. Bristow},
	title = {Prostate cancer},
	journal = {Nature Reviews Disease Primers}
}

@article{Fernandes2022,
	doi = {10.1007/s10334-022-01006-6},
	url = {https://doi.org/10.1007/s10334-022-01006-6},
	year = {2022},
	month = mar,
	publisher = {Springer Science and Business Media {LLC}},
	volume = {35},
	number = {4},
	pages = {503--521},
	author = {Maria Clara Fernandes and Onur Yildirim and Sungmin Woo and Hebert Alberto Vargas and Hedvig Hricak},
	title = {The role of {MRI} in prostate cancer: current and future directions},
	journal = {Magnetic Resonance Materials in Physics,  Biology and Medicine}
}

@article{Barrett2022,
	doi = {10.1038/s41585-022-00648-4},
	url = {https://doi.org/10.1038/s41585-022-00648-4},
	year = {2022},
	month = sep,
	publisher = {Springer Science and Business Media {LLC}},
	volume = {20},
	number = {1},
	pages = {9--22},
	author = {Tristan Barrett and Maarten de Rooij and Francesco Giganti and Clare Allen and Jelle O. Barentsz and Anwar R. Padhani},
	title = {Quality checkpoints in the {MRI}-directed prostate cancer diagnostic pathway},
	journal = {Nature Reviews Urology}
}

@article{Beyer2020,
	doi = {10.1055/a-1324-4010},
	url = {https://doi.org/10.1055/a-1324-4010},
	year = {2020},
	month = dec,
	publisher = {Georg Thieme Verlag {KG}},
	author = {Thomas Beyer and Heinz-Peter Schlemmer and Marc-Andr{\'{e}} Weber and Kolja M. Thierfelder},
	title = {{PI}-{RADS} 2.1 {\textendash} Image Interpretation: The Most Important Updates and~Their Clinical Implications},
	journal = {{R\"{o}Fo} - Fortschritte auf dem Gebiet der R\"{o}ntgenstrahlen und der bildgebenden Verfahren}
}


@article{Scialpi2017,
	doi = {10.5152/tud.2017.06978},
	url = {https://doi.org/10.5152/tud.2017.06978},
	year = {2017},
	month = nov,
	publisher = {{AVES} Publishing Co.},
	volume = {43},
	number = {4},
	pages = {401--409},
	author = {Michele Scialpi and Alfredo D'Andrea and Eugenio Martorana and Corrado Maria Malaspina and Maria Cristina Aisa and Maria Napoletano and Emanuele Orlandi and Valeria Rondoni and Pietro Scialpi and Diamante Pacchiarini and Diego Palladino and Michele Dragone and Giancarlo Di Renzo and Annalisa Simeone and Giampaolo Bianchi and Luca Brunese},
	title = {Biparametric {MRI} of the prostate},
	journal = {T\"{u}rk \"{U}roloji Dergisi/Turkish Journal of Urology}
}

@article{Xu2019,
	doi = {10.1186/s40644-019-0274-9},
	url = {https://doi.org/10.1186/s40644-019-0274-9},
	year = {2019},
	month = dec,
	publisher = {Springer Science and Business Media {LLC}},
	volume = {19},
	number = {1},
	author = {Lili Xu and Gumuyang Zhang and Bing Shi and Yanhan Liu and Tingting Zou and Weigang Yan and Yu Xiao and Huadan Xue and Feng Feng and Jing Lei and Zhengyu Jin and Hao Sun},
	title = {Comparison of biparametric and multiparametric {MRI} in the diagnosis of prostate cancer},
	journal = {Cancer Imaging}
}


@CONFERENCE {PrelimPica,
	author =  {De Rooij, M.},
	title  =      {Artificial Intelligence and Radiologists at Prostate Cancer Detection in MRI: preliminary results from the PI-CAI Challenge},
	booktitle =   {Preliminary results from the PI-CAI Challenge},
	year    =     {2023},
	address  =    {Milan, Italia.},
	month   =     {mar},
	organization= {EAU 2023},
	publisher =   {EAU 2023 Prostate Cancer}
}

@article{Twilt2021,
	doi = {10.3390/diagnostics11060959},
	url = {https://doi.org/10.3390/diagnostics11060959},
	year = {2021},
	month = may,
	publisher = {{MDPI} {AG}},
	volume = {11},
	number = {6},
	pages = {959},
	author = {Jasper J. Twilt and Kicky G. van Leeuwen and Henkjan J. Huisman and Jurgen J. F\"{u}tterer and Maarten de Rooij},
	title = {Artificial Intelligence Based Algorithms for Prostate Cancer Classification and Detection on Magnetic Resonance Imaging: A Narrative Review},
	journal = {Diagnostics}
}


@article{Harmon2019,
	doi = {10.5152/dir.2019.19125},
	url = {https://doi.org/10.5152/dir.2019.19125},
	year = {2019},
	month = may,
	publisher = {Galenos Yayinevi},
	volume = {25},
	number = {3},
	pages = {183--188},
	author = {Stephanie A. Harmon and   and Sena Tuncer and Thomas Sanford and Peter L. Choyke and Baris Turkbey and   and   and   and   and},
	title = {Artificial intelligence at the intersection of pathology and radiology in prostate cancer},
	journal = {Diagnostic and Interventional Radiology}
}

@article{Seetharaman2021,
	doi = {10.1002/mp.14855},
	url = {https://doi.org/10.1002/mp.14855},
	year = {2021},
	month = may,
	publisher = {Wiley},
	volume = {48},
	number = {6},
	pages = {2960--2972},
	author = {Arun Seetharaman and Indrani Bhattacharya and Leo C. Chen and Christian A. Kunder and Wei Shao and Simon J. C. Soerensen and Jeffrey B. Wang and Nikola C. Teslovich and Richard E. Fan and Pejman Ghanouni and James D. Brooks and Katherine J. Too and Geoffrey A. Sonn and Mirabela Rusu},
	title = {Automated detection of aggressive and indolent prostate cancer on magnetic resonance imaging},
	journal = {Medical Physics}
}


@inproceedings{zhang2017,
	title = {Video Acceleration Magnification},
	author = {Zhang, Yichao and Pintea, Silvia L. and van Gemert, Jan C.},
	booktitle = {Computer Vision and Pattern Recognition},
	year = {2017}
}
